<collection xmlns="http://www.loc.gov/MARC21/slim">
<record>
  <leader>01121nam0a2200229 i 450 </leader>
  <controlfield tag="001">IT\ICCU\CNCE\019147</controlfield>
  <controlfield tag="005">20070925000000.0</controlfield>
  <datafield tag="012" ind1=" " ind2=" ">
    <subfield code="a">maEc ,ema tis- caso (C) 1558 (R)</subfield>
    <subfield code="2">fei</subfield>
  </datafield>
  <datafield tag="100" ind1=" " ind2=" ">
    <subfield code="a">19970101d1558        0itac0103    ba</subfield>
  </datafield>
  <datafield tag="101" ind1=" " ind2=" ">
    <subfield code="a">ITA</subfield>
  </datafield>
  <datafield tag="102" ind1=" " ind2=" ">
    <subfield code="a">IT</subfield>
  </datafield>
  <datafield tag="200" ind1="1" ind2=" ">
    <subfield code="a">Fior de virtu historiato vtilissimo a ciscadun fedel christiano, nouamente ristampato, &amp; con somma diligentia reuisto, &amp; corretto</subfield>
  </datafield>
  <datafield tag="210" ind1=" " ind2=" ">
    <subfield code="e">In Venetia</subfield>
    <subfield code="g">appresso gli heredi di Gioanne Padoano</subfield>
    <subfield code="h">1558</subfield>
  </datafield>
  <datafield tag="215" ind1=" " ind2=" ">
    <subfield code="a">\62! c.</subfield>
    <subfield code="c">ill.</subfield>
    <subfield code="d">8ʻ</subfield>
  </datafield>
  <datafield tag="500" ind1="1" ind2="1">
    <subfield code="3">IT\ICCU\CNCE\019140</subfield>
    <subfield code="a">Fiore di virtAu</subfield>
  </datafield>
  <datafield tag="620" ind1=" " ind2=" ">
    <subfield code="a">IT</subfield>
    <subfield code="d">Venezia</subfield>
  </datafield>
  <datafield tag="702" ind1=" " ind2="1">
    <subfield code="a">Gozzadini,</subfield>
    <subfield code="b">Tommaso</subfield>
    <subfield code="3">IT\ICCU\CNCA\017155</subfield>
  </datafield>
  <datafield tag="712" ind1="0" ind2="0">
    <subfield code="a">Padovano, Giovanni - eredi</subfield>
    <subfield code="3">IT\ICCU\CNCT\000679</subfield>
    <subfield code="4">650</subfield>
  </datafield>
  <datafield tag="801" ind1=" " ind2="3">
    <subfield code="a">IT</subfield>
    <subfield code="b">ICCU</subfield>
    <subfield code="c">20201114</subfield>
  </datafield>
  <datafield tag="899" ind1=" " ind2=" ">
    <subfield code="a">Biblioteca Apostolica Vaticana. Citt ̉del Vaticano</subfield>
    <subfield code="1">EX0001</subfield>
    <subfield code="2">ZCV 01</subfield>
  </datafield>
  <datafield tag="911" ind1=" " ind2=" ">
    <subfield code="a">Nel colophon</subfield>
    <subfield code="9">IT\ICCU\CNCM\000626</subfield>
  </datafield>
  <datafield tag="921" ind1=" " ind2=" ">
    <subfield code="a">IT\ICCU\CNCM\000626</subfield>
    <subfield code="b">Temperanza (donna versa acqua da un&apos;anfora in un&apos;altra).</subfield>
    <subfield code="e">1) Medium tenuere beati. 2) Reclusa est ianua vitae credenti Christo.</subfield>
    <subfield code="c">V423</subfield>
    <subfield code="c">Z1157</subfield>
    <subfield code="d">Dimensioni: 4,8 x 5,7</subfield>
    <subfield code="f">ACQUA</subfield>
    <subfield code="f">BROCCA</subfield>
    <subfield code="f">DONNA</subfield>
    <subfield code="f">MEDIUMTENU</subfield>
    <subfield code="f">TEMPERANZA</subfield>
    <subfield code="g">1550-1569</subfield>
  </datafield>
</record>
</collection>
